@article{cardillo2010coevolution,
  title        = {Coevolution of Strategies and Update Rules in the Prisoner’s Dilemma Game on Complex Networks},
  author       = {Cardillo, Alessio and Gómez-Gardeñes, Jesús and Vilone, Daniele and Sánchez, Angel},
  journal      = {New Journal of Physics},
  volume       = {12},
  pages        = {103034},
  year         = {2010},
  doi          = {10.1088/1367-2630/12/10/103034},
}

@article{sinatra2009ultimatum,
  title        = {The Ultimatum Game in Complex Networks},
  author       = {Sinatra, Roberta and Iranzo, Jaime and Gómez-Gardeñes, Jesús and Floria, Luis M. and Latora, Vito and Moreno, Yamir},
  journal      = {Journal of Statistical Mechanics: Theory and Experiment},
  year         = {2009},
  number       = {09},
  pages        = {P09012},
  doi          = {10.1088/1742-5468/2009/09/P09012},
}

@article{derenyi2005clique,
  title        = {Clique Percolation in Random Networks},
  author       = {Derényi, Imre and Palla, Gergely and Vicsek, Tamás},
  journal      = {Physical Review Letters},
  volume       = {94},
  number       = {16},
  pages        = {160202},
  year         = {2005},
  doi          = {10.1103/PhysRevLett.94.160202},
}


% Dispensa corso
@misc{dedomenico2024dispensa,
  author       = {De Domenico, Manlio},
  title        = {Physics of Complex Networks: Structure and Dynamics},
  year         = {2024},
  howpublished = {Course Notes, University of Padova},
  note         = {Non disponibile pubblicamente},
}

% Facebook Social Connectedness Index (SCI)
@misc{facebookSCI,
  author       = {{Meta Platforms, Inc.}},
  title        = {Social Connectedness Index (SCI)},
  year         = {2021},
  howpublished = {\url{https://dataforgood.facebook.com/dfg/tools/social-connectedness-index#accessdata}},
  note         = {Dataset on Facebook friendship ties between geographic regions},
}

% CSV mapping file: GADM1 + NUTS2
@misc{gadm1nuts2csv,
  author       = {{Meta Platforms, Inc.}},
  title        = {gadm1\_nuts3\_levels.csv},
  year         = {2024},
  howpublished = {\url{https://data.amerigeoss.org/dataset/social-connectedness-index/resource/dd9753a9-188d-4c65-a9a1-b25d6bca0621}},
  note         = {Reference table of administrative regions used in SCI (modified 15 March 2024)},
}

% CSV mapping file: GADM1 + NUTS3 + counties
@misc{gadm1nuts3countiescsv,
  author       = {{Meta Platforms, Inc.}},
  title        = {gadm1\_nuts3\_counties\_levels.csv},
  year         = {2024},
  howpublished = {\url{https://data.amerigeoss.org/dataset/social-connectedness-index/resource/598c0219-d863-4c64-a510-47012f96d641}},
  note         = {Reference table of administrative regions used in SCI (modified 15 March 2024)},
}

% GADM official shapefiles
@misc{gadm,
  author       = {{GADM Project}},
  title        = {Database of Global Administrative Areas (GADM)},
  year         = {2022},
  howpublished = {\url{https://biogeo.ucdavis.edu/data/gadm3.1/gadm41.shp.zip}},
  note         = {Geospatial data for administrative areas, versions 2.8 and 4.1},
}

% Eurostat NUTS boundaries
@misc{eurostatNUTS,
  author       = {{Eurostat}},
  title        = {NUTS Boundaries (NUTS 2016, version 2.8)},
  year         = {2016},
  howpublished = {\url{https://ec.europa.eu/eurostat/web/gisco/geodata/statistical-units/territorial-units-statistics}},
  note = {Geometries and centroids of NUTS regions used in SCI},
}

% US Counties shapefiles
@misc{uscensusCounties,
  author       = {{U.S. Census Bureau}},
  title        = {Cartographic Boundary Shapefiles -- Counties},
  year         = {2021},
  howpublished = {\url{https://public.opendatasoft.com/explore/dataset/us-county-boundaries/export/?disjunctive.statefp&disjunctive.countyfp&disjunctive.name&disjunctive.namelsad&disjunctive.stusab&disjunctive.state_name}},
  note         = {Geospatial boundaries for U.S. counties used in SCI},
}

% Karate Club empirical network
@misc{zachary1977karate,
  author       = {Zachary, Wayne W.},
  title        = {Karate Club Network},
  year         = {1977},
  howpublished = {\url{https://networkx.org/documentation/stable/reference/generated/networkx.generators.social.karate_club_graph.html}},
  note         = {Empirical social network published in Journal of Anthropological Research 33(4):452–473},
}



